% Encoding: UTF-8

@Article{whit,
  author    = {Ryan Whitwam},
  title     = {test},
  year      = {2018},
  note      = {Accessed: 2019-04-22},
  timestamp = {2019-04-22},
  url       = {www.google.com},
}

@Comment{jabref-meta: databaseType:bibtex;}
